%References.bib
@article{Doyle2020,
  title = {Decoupling ion energy and flux in intermediate pressure capacitively coupled plasmas via tailored voltage waveforms},
  author = {Scott J. Doyle and Andrew R. Gibson and Rod W. Boswell and Christine Charles and James P. Dedrick},
  journal = {Plasma Sources Science and Technology},
  year = {2020},
  publisher = {IOP Publishing},
  url = {https://iopscience.iop.org/article/10.1088/1361-6595/abc82f}
}

@article{Smith2024,
  author       = {Gregory J. Smith and Paola Diomede and Andrew R. Gibson and Scott J. Doyle and Vasco Guerra and Mark J. Kushner and Timo Gans and James P. Dedrick},
  title        = {Low-pressure inductively coupled plasmas in hydrogen: impact of gas heating on the spatial distribution of atomic hydrogen and vibrationally excited states},
  journal      = {Plasma Sources Science and Technology},
  year         = {2024},
  doi          = {10.1088/1361-6595/ad1ece},
  publisher    = {IOP Publishing},
  url          = {https://doi.org/10.1088/1361-6595/ad1ece}
}
@article{Doyle2024,
  author       = {Scott J. Doyle and Amanda Larson and Guy Rosenzweig and James Gunn and Mark J. Kushner},
  title        = {Transformer coupled toroidal wave-heated remote plasma sources operating in Ar/NFâ‚ƒ mixtures},
  journal      = {Journal of Physics D: Applied Physics},
  year         = {2024},
  doi          = {10.1088/1361-6463/ad660f},
  publisher    = {IOP Publishing},
  url          = {https://doi.org/10.1088/1361-6463/ad660f}
}


@article{Kushner2009,
  title        = {Hybrid modelling of low temperature plasmas for fundamental investigations and equipment design},
  author       = {Kushner, Mark J.},
  journal      = {Journal of Physics D: Applied Physics},
  volume       = {42},
  number       = {19},
  pages        = {194013},
  year         = {2009},
  publisher    = {IOP Publishing},
  doi          = {10.1088/0022-3727/42/19/194013},
  url          = {https://doi.org/10.1088/0022-3727/42/19/194013}
}

@article{Heil2008,
doi = {10.1088/0022-3727/41/16/165202},
url = {https://dx.doi.org/10.1088/0022-3727/41/16/165202},
year = {2008},
month = {jul},
publisher = {},
volume = {41},
number = {16},
pages = {165202},
author = {Heil, Brian G and Czarnetzki, Uwe and Brinkmann, Ralf Peter and Mussenbrock, Thomas},
title = {On the possibility of making a geometrically symmetric RF-CCP discharge electrically asymmetric},
journal = {Journal of Physics D: Applied Physics},
}
@article{Lafleur2012,
doi = {10.1088/0022-3727/45/39/395203},
url = {https://dx.doi.org/10.1088/0022-3727/45/39/395203},
year = {2012},
month = {sep},
publisher = {IOP Publishing},
volume = {45},
number = {39},
pages = {395203},
author = {Lafleur, T and Booth, J P},
title = {Control of the ion flux and ion energy in CCP discharges using non-sinusoidal voltage waveforms},
journal = {Journal of Physics D: Applied Physics},

}

